<record><leader>00000cas a22000007a 4500</leader><controlfield tag="001">47485466</controlfield><controlfield tag="008">010719d18901894sduwr ne      0    0eng d</controlfield><datafield ind1=" " ind2=" " tag="010"><subfield code="a">sn2001063544</subfield></datafield><datafield ind1=" " ind2=" " tag="040"><subfield code="a">SXN</subfield><subfield code="b">eng</subfield><subfield code="c">SXN</subfield><subfield code="d">OCLCF</subfield><subfield code="d">OCLCO</subfield></datafield><datafield ind1="1" ind2=" " tag="029"><subfield code="a">AU@</subfield><subfield code="b">000022850448</subfield></datafield><datafield ind1=" " ind2=" " tag="042"><subfield code="a">msc</subfield></datafield><datafield ind1=" " ind2=" " tag="043"><subfield code="a">n-us-sd</subfield></datafield><datafield ind1="0" ind2=" " tag="130"><subfield code="a">Brookings register (Brookings, S.D. : 1890)</subfield></datafield><datafield ind1="0" ind2="0" tag="245"><subfield code="a">Brookings register.</subfield></datafield><datafield ind1=" " ind2=" " tag="260"><subfield code="a">Brookings, S.D. :</subfield><subfield code="b">Dutcher &amp; Breed,</subfield></datafield><datafield ind1=" " ind2=" " tag="300"><subfield code="a">v.</subfield></datafield><datafield ind1=" " ind2=" " tag="310"><subfield code="a">Weekly</subfield></datafield><datafield ind1="0" ind2=" " tag="362"><subfield code="a">Vol. 1, no. 1 (June 13, 1890)-v. 14, no. 20 (Oct. 19, 1894).</subfield></datafield><datafield ind1=" " ind2=" " tag="530"><subfield code="a">Available on microfilm from: State Archives, South Dakota State Historical Society.</subfield></datafield><datafield ind1=" " ind2="0" tag="651"><subfield code="a">Brookings (S.D.)</subfield><subfield code="v">Newspapers.</subfield></datafield><datafield ind1=" " ind2="0" tag="651"><subfield code="a">Brookings County (S.D.)</subfield><subfield code="v">Newspapers.</subfield></datafield><datafield ind1=" " ind2="7" tag="655"><subfield code="a">Newspapers.</subfield><subfield code="2">fast</subfield><subfield code="0">(OCoLC)fst01423814</subfield></datafield><datafield ind1=" " ind2="7" tag="651"><subfield code="a">South Dakota</subfield><subfield code="z">Brookings.</subfield><subfield code="2">fast</subfield><subfield code="0">(OCoLC)fst01228906</subfield></datafield><datafield ind1=" " ind2="7" tag="651"><subfield code="a">South Dakota</subfield><subfield code="z">Brookings County.</subfield><subfield code="2">fast</subfield><subfield code="0">(OCoLC)fst01211934</subfield></datafield><datafield ind1=" " ind2=" " tag="752"><subfield code="a">United States</subfield><subfield code="b">South Dakota</subfield><subfield code="c">Brookings</subfield><subfield code="d">Brookings.</subfield></datafield><datafield ind1="0" ind2="5" tag="780"><subfield code="t">Brookings County sentinel</subfield><subfield code="g">Jan. 6, 1891</subfield><subfield code="w">(DLC)sn 200163542</subfield></datafield><datafield ind1="0" ind2="0" tag="785"><subfield code="t">Semi-weekly register (Brookings, S.D.)</subfield><subfield code="w">(DLC)sn 200163545</subfield></datafield></record>